@book{boyd2004convex,
  title={Convex optimization},
  author={Boyd, Stephen and Vandenberghe, Lieven},
  year={2004},
  publisher={Cambridge university press}
}

@article{belloni2011square,
  title={Square-root lasso: pivotal recovery of sparse signals via conic programming},
  author={Belloni, Alexandre and Chernozhukov, Victor and Wang, Lie},
  journal={Biometrika},
  volume={98},
  number={4},
  pages={791--806},
  year={2011},
  publisher={Oxford University Press}
}

@book{lange2016mm,
  title={MM optimization algorithms},
  author={Lange, Kenneth},
  volume={147},
  year={2016},
  publisher={SIAM}
}


@article{WANG2013135,
title = "The L1 penalized LAD estimator for high dimensional linear regression",
journal = "Journal of Multivariate Analysis",
volume = "120",
pages = "135 - 151",
year = "2013",
issn = "0047-259X",
doi = "https://doi.org/10.1016/j.jmva.2013.04.001",
url = "http://www.sciencedirect.com/science/article/pii/S0047259X1300047X",
author = "Lie Wang"
}

@article{polson2015proximal,
  title={Proximal algorithms in statistics and machine learning},
  author={Polson, Nicholas G and Scott, James G and Willard, Brandon T},
  journal={Statistical Science},
  volume={30},
  number={4},
  pages={559--581},
  year={2015},
  publisher={Institute of Mathematical Statistics}
}



@article{bickel2009simultaneous,
  title={Simultaneous analysis of {L}asso and {D}antzig selector},
  author={Bickel, Peter J and Ritov, Yaâ€™acov and Tsybakov, Alexandre B},
  journal={The Annals of Statistics},
  volume={37},
  number={4},
  pages={1705--1732},
  year={2009},
  publisher={Institute of Mathematical Statistics}
}
@article{laurent2000adaptive,
  title={Adaptive estimation of a quadratic functional by model selection},
  author={Laurent, B and Massart, P},
  journal={The Annals of Statistics},
  volume={28},
  number={5},
  pages={1302--1338},
  year={2000},
  publisher={Institute of Mathematical Statistics}
}
@article{witten2009covariance,
  title={Covariance-regularized regression and classification for high dimensional problems},
  author={Witten, Daniela M and Tibshirani, Robert},
  journal={Journal of the Royal Statistical Society: Series B (Statistical Methodology)},
  volume={71},
  number={3},
  pages={615--636},
  year={2009},
  publisher={Wiley Online Library}
}



@misc{cvx,
  author       = {Michael Grant and Stephen Boyd},
  title        = {{CVX}: Matlab Software for Disciplined Convex Programming, version 2.1},
  howpublished = {\url{http://cvxr.com/cvx}},
  month        = mar,
  year         = 2014
}


@phdthesis{stucky2017asymptotic,
  title={Asymptotic Confidence Regions and Sharp Oracle Results under Structured Sparsity},
  author={Stucky, Benjamin},
  year={2017},
  school={ETH Zurich}
}


@article{rothman2008sparse,
  title={Sparse permutation invariant covariance estimation},
  author={Rothman, Adam J and Bickel, Peter J and Levina, Elizaveta and Zhu, Ji },
  journal={Electronic Journal of Statistics},
  volume={2},
  pages={494--515},
  year={2008},
  publisher={The Institute of Mathematical Statistics and the Bernoulli Society}
}

@article{molstad2018shrinking,
  title={Shrinking characteristics of precision matrix estimators},
  author={Molstad, Aaron J and Rothman, Adam J},
  journal={Biometrika},
  volume={105},
  number={3},
  pages={563--574},
  year={2018},
  publisher={Oxford University Press}
}


@article{negahban2012unified,
  title={A unified framework for high-dimensional analysis of $ M $-estimators with decomposable regularizers},
  author={Negahban, Sahand N and Ravikumar, Pradeep and Wainwright, Martin J and Yu, Bin},
  journal={Statistical Science},
  volume={27},
  number={4},
  pages={538--557},
  year={2012},
  publisher={Institute of Mathematical Statistics}
}


@article{weinstein2013cancer,
  title={The cancer genome atlas pan-cancer analysis project},
  author={Weinstein, John N and Collisson, Eric A and Mills, Gordon B and Shaw, Kenna R Mills and Ozenberger, Brad A and Ellrott, Kyle and Shmulevich, Ilya and Sander, Chris and Stuart, Joshua M and Cancer Genome Atlas Research Network},
  journal={Nature {G}enetics},
  volume={45},
  number={10},
  pages={1113},
  year={2013},
  publisher={Nature Publishing Group}
}


@article{boyd2011distributed,
  title={Distributed optimization and statistical learning via the alternating direction method of multipliers},
  author={Boyd, Stephen and Parikh, Neal and Chu, Eric and Peleato, Borja and Eckstein, Jonathan},
  journal={Foundations and Trends{\textregistered} in Machine learning},
  volume={3},
  number={1},
  pages={1--122},
  year={2011},
  publisher={Now Publishers, Inc.}
}

@article{bunea2014group,
  title={The group square-root lasso: Theoretical properties and fast algorithms},
  author={Bunea, Florentina and Lederer, Johannes and She, Yiyuan},
  journal={IEEE Transactions on Information Theory},
  volume={60},
  number={2},
  pages={1313--1325},
  year={2014},
  publisher={IEEE}
}


@article{sun2012scaled,
  title={Scaled sparse linear regression},
  author={Sun, Tingni and Zhang, Cun-Hui},
  journal={Biometrika},
  volume={99},
  number={4},
  pages={879--898},
  year={2012},
  publisher={Oxford University Press}
}

@article{chen2013reduced,
  title={Reduced rank regression via adaptive nuclear norm penalization},
  author={Chen, Kun and Dong, Hongbo and Chan, Kung-Sik},
  journal={Biometrika},
  volume={100},
  number={4},
  pages={901--920},
  year={2013},
  publisher={Oxford University Press}
}


@article{gu2018admm,
  title={ADMM for high-dimensional sparse penalized quantile regression},
  author={Gu, Yuwen and Fan, Jun and Kong, Lingchen and Ma, Shiqian and Zou, Hui},
  journal={Technometrics},
  volume={60},
  number={3},
  pages={319--331},
  year={2018},
  publisher={Taylor \& Francis}
}


@article{parikh2014proximal,
  title={Proximal algorithms},
  author={Parikh, Neal and Boyd, Stephen},
  journal={Foundations and Trends{\textregistered} in Optimization},
  volume={1},
  number={3},
  pages={127--239},
  year={2014},
  publisher={Now Publishers, Inc.}
}


@article{massias2017generalized,
  title={Generalized concomitant multi-task lasso for sparse multimodal regression},
  author={Massias, Mathurin and Fercoq, Olivier and Gramfort, Alexandre and Salmon, Joseph},
  journal={arXiv preprint arXiv:1705.09778},
  year={2017}
}

@article{molstad2018explicit,
  title={An explicit mean-covariance parameterization for multivariate response linear regression},
  author={Molstad, Aaron J and Weng, Guangwei and Doss, Charles R and Rothman, Adam J},
  journal={arXiv preprint arXiv:1808.10558},
  year={2018}
}


@article{yin2011sparse,
  title={A sparse conditional gaussian graphical model for analysis of genetical genomics data},
  author={Yin, Jianxin and Li, Hongzhe},
  journal={The Annals of Applied Statistics},
  volume={5},
  number={4},
  pages={2630},
  year={2011},
  publisher={NIH Public Access}
}

@article{turlach2005simultaneous,
  title={Simultaneous variable selection},
  author={Turlach, Berwin A and Venables, William N and Wright, Stephen J},
  journal={Technometrics},
  volume={47},
  number={3},
  pages={349--363},
  year={2005},
  publisher={Taylor \& Francis}
}


@article{yuan2007dimension,
  title={Dimension reduction and coefficient estimation in multivariate linear regression},
  author={Yuan, Ming and Ekici, Ali and Lu, Zhaosong and Monteiro, Renato},
  journal={Journal of the Royal Statistical Society: Series B (Statistical Methodology)},
  volume={69},
  number={3},
  pages={329--346},
  year={2007},
  publisher={Wiley Online Library}
}

@article{obozinski2011support,
  title={Support union recovery in high-dimensional multivariate regression},
  author={Obozinski, Guillaume and Wainwright, Martin J and Jordan, Michael I},
  journal={The Annals of Statistics},
  volume={39},
  number={1},
  pages={1--47},
  year={2011},
  publisher={Institute of Mathematical Statistics}
}

@article{deng2016global,
  title={On the global and linear convergence of the generalized alternating direction method of multipliers},
  author={Deng, Wei and Yin, Wotao},
  journal={Journal of Scientific Computing},
  volume={66},
  number={3},
  pages={889--916},
  year={2016},
  publisher={Springer}
}


@article{wang2015joint,
  title={Joint estimation of sparse multivariate regression and conditional graphical models},
  author={Wang, Junhui},
  journal={Statistica Sinica},
  volume={25},
  number={3},
  pages={831--851},
  year={2015},
  publisher={Academia Sinica* Institute of Statistical Science}
}

@article{wan2015tcga2stat,
  title={{TCGA2STAT}: simple {TCGA} data access for integrated statistical analysis in {R}},
  author={Wan, Ying-Wooi and Allen, Genevera I and Liu, Zhandong},
  journal={Bioinformatics},
  volume={32},
  number={6},
  pages={952--954},
  year={2015},
  publisher={Oxford University Press}
}

@article{lee2012simultaneous,
  title={Simultaneous multiple response regression and inverse covariance matrix estimation via penalized {G}aussian maximum likelihood},
  author={Lee, Wonyul and Liu, Yufeng},
  journal={Journal of {M}ultivariate {A}nalysis},
  volume={111},
  pages={241--255},
  year={2012},
  publisher={Elsevier}
}


@inbook{eaton,
address = "Haywood CA and Alexandria VA",
author = "Eaton, Morris L.",
booktitle = "Group invariance in applications in statistics",
pages = "100--107",
publisher = "Institute of Mathematical Statistics and American Statistical Association",
series = "Regional Conference Series in Probability and Statistics",
title = "Chapter 7: Random orthogonal matrices",
url = "https://projecteuclid.org/euclid.cbms/1462061037",
volume = 1,
year = "1989"
}

@article{rothman2010sparse,
  title={Sparse multivariate regression with covariance estimation},
  author={Rothman, Adam J and Levina, Elizaveta and Zhu, Ji},
  journal={Journal of Computational and Graphical Statistics},
  volume={19},
  number={4},
  pages={947--962},
  year={2010},
  publisher={Taylor \& Francis}
}



@article{molstad2016indirect,
author = {Molstad, Aaron J. and Rothman, Adam J.},
title = {Indirect multivariate response linear regression},
journal = {Biometrika},
volume = {103},
number = {3},
pages = {595-607},
year = {2016},
doi = {10.1093/biomet/asw034},
URL = {http://dx.doi.org/10.1093/biomet/asw034},
eprint = {/oup/backfile/content_public/journal/biomet/103/3/10.1093_biomet_asw034/2/asw034.pdf}
}

@article{li2016fast,
  title={On Fast Convergence of Proximal Algorithms for {SQRT-L}asso Optimization: Don't Worry About Its Nonsmooth Loss Function},
  author={Li, Xingguo and Jiang, Haoming and Haupt, Jarvis and Arora, Raman and Liu, Han and Hong, Mingyi and Zhao, Tuo},
  journal={arXiv preprint arXiv:1605.07950},
  year={2016}
}

@article{bunea2014group,
  title={The group square-root lasso: Theoretical properties and fast algorithms},
  author={Bunea, Florentina and Lederer, Johannes and She, Yiyuan},
  journal={IEEE Transactions on Information Theory},
  volume={60},
  number={2},
  pages={1313--1325},
  year={2014},
  publisher={IEEE}
}

@article{beck2009fast,
  title={Fast gradient-based algorithms for constrained total variation image denoising and deblurring problems},
  author={Beck, Amir and Teboulle, Marc},
  journal={IEEE Transactions on Image Processing},
  volume={18},
  number={11},
  pages={2419--2434},
  year={2009},
  publisher={IEEE}
}



@article{liu2015calibrated,
  title={Calibrated multivariate regression with application to neural semantic basis discovery.},
  author={Liu, Han and Wang, Lie and Zhao, Tuo},
  journal={Journal of Machine Learning Research},
  volume={16},
  pages={1579--1606},
  year={2015}
}

@article{negahban2012unified,
  title={A unified framework for high-dimensional analysis of $ M $-estimators with decomposable regularizers},
  author={Negahban, Sahand N and Ravikumar, Pradeep and Wainwright, Martin J and Yu, Bin},
  journal={Statistical Science},
  volume={27},
  number={4},
  pages={538--557},
  year={2012},
  publisher={Institute of Mathematical Statistics}
}


@incollection{van2016chi2,
  title={$\chi$2-confidence sets in high-dimensional regression},
  author={Van de Geer, Sara and Stucky, Benjamin},
  booktitle={Statistical Analysis for High-Dimensional Data},
  pages={279--306},
  year={2016},
  publisher={Springer}
}

@article{watson1992characterization,
  title={Characterization of the subdifferential of some matrix norms},
  author={Watson, G Alistair},
  journal={Linear {A}lgebra and its {A}pplications},
  volume={170},
  pages={33--45},
  year={1992},
  publisher={North-Holland}
}



@article{van2016estimation,
  title={Estimation and testing under sparsity},
  author={Van de Geer, Sara},
  journal={Lecture Notes in Mathematics},
  volume={2159},
  year={2016},
  publisher={Springer}
}


@article{yuan2007dimension,
  title={Dimension reduction and coefficient estimation in multivariate linear regression},
  author={Yuan, Ming and Ekici, Ali and Lu, Zhaosong and Monteiro, Renato},
  journal={Journal of the Royal Statistical Society: Series B (Statistical Methodology)},
  volume={69},
  number={3},
  pages={329--346},
  year={2007},
  publisher={Wiley Online Library}
}



